@misc{fifa,
  author = {FIFA},
  title = {{Matches Schedule}},
  howpublished = "\url{http://resources.fifa.com/mm/document/tournament/competition/01/52/99/91/2014fwc\_matchschedule\_wgroups\_22042014\_en\_neutral.pdf}",
  year = {2014}, 
  note = "[Recurso online; accedido 29 de mayo 2014]"
}